@article{ascenso_formula,
    title = {{A Scientific Mission Based on a High Altitude Stratospheric Balloon}},
    year = {2014},
    journal = {International Journal of Aerospace Sciences},
    author = {Gai, M. and Guglieri, G. and Lattanzi, M. G. and Lombardi, A. and Mana, M. and Masserano, L. and Musso, I. and Navone, P.},
    number = {1},
    pages = {18--29},
    volume = {3},
    publisher = {Scientific {\&} Academic Publishing},
    doi = {10.5923/J.AEROSPACE.20140301.03},
    issn = {2169-8899}
}

@article{paracaidas_simplificado_futuro,
    title = {{A simplified dynamic model of parachute inflation}},
    year = {1974},
    journal = {Journal of Aircraft},
    author = {Wolf, Dean},
    number = {1},
    pages = {28--33},
    volume = {11},
    doi = {10.2514/3.60317},
    issn = {00218669}
}

@misc{SpaceApps_ASAUDB,
    title = {{ASAUDB - Space Apps Challenge NASA | 2021}},
    year = {2021},
    author = {{ASAUDB}},
    url = {https://2021.spaceappschallenge.org/challenges/statements/near-space-near-you/teams/asaudb/project}
}

@misc{SpacaApps_noticia_UDB,
    title = {{Asociaci{\'{o}}n Salesiana de Astronom{\'{i}}a UDB participan en el Space Apps Challenge El Salvador 2021}},
    year = {2021},
    author = {Sandoval, Gabriela},
    month = {11},
    url = {https://www.udb.edu.sv/udb/reportaje/asociacion-salesiana-de-astronomia-udb-participan-en-el-space-apps-challenge-el-salvador-2021}
}

@incollection{attitude_componentes_nanosatelites,
    title = {{Attitude determination and control systems}},
    year = {2020},
    booktitle = {CubeSat Handbook: From Mission Design to Operations},
    author = {Ovchinnikov, Mikhail and Barrington-Brown, James},
    month = {1},
    pages = {263--281},
    publisher = {Elsevier},
    isbn = {9780128178843},
    doi = {10.1016/B978-0-12-817884-3.00014-X},
    keywords = {Actuator, Attitude control algorithm, Attitude control system, Attitude determination algorithm, Flywheel, Gyro, Magnetorquer, Sensor}
}

@phdthesis{history_type_balloon,
    title = {{Autonomous Navigation System for High Altitude Balloons}},
    year = {2019},
    author = {Garg, Kanika},
    month = {11},
    url = {http://ltu.diva-portal.org/smash/record.jsf?pid=diva2%3A1364883&dswid=5454},
    school = {Lule{\aa} Technical University},
    isbn = {978 − 91 − 7790 − 487 − 8}
}

@techreport{redbull,
    title = {{Buoyancy and high altitude ballooning: the Red Bull Stratos mission}},
    year = {2012},
    author = {Jensen, Roy},
    institution = {University of Alberta}
}

@incollection{nearspaceExperiments,
    title = {{Cost-Effective Platforms for Near-Space Research and Experiments}},
    year = {2018},
    booktitle = {Space Flight},
    author = {Gozlan, Kobi and Reuveni, Yuval and Cohen, Kfir and Ben-Moshe, Boaz and Berliner, Eyal},
    month = {6},
    publisher = {InTech},
    doi = {10.5772/intechopen.72168}
}

@misc{explicacion_consumo_datos_NOAA,
    title = {{David Burch Navigation Blog: How to Obtain Custom GRIB Files}},
    url = {https://davidburchnavigation.blogspot.com/2019/06/how-to-request-grib-files-by-parameter.html}
}

@techreport{tesis_estructura_stratoballoon,
    title = {{Dise{\~{n}}o y an{\'{a}}lisis de un m{\'{o}}dulo reemplazable para misiones cercanas a ala estratosfera (Near-Space LRU)}},
    year = {2022},
    author = {Barahona, Ali and Pleites, Manuel},
    month = {11},
    institution = {Universidad Don Bosco},
    address = {Soyapango}
}

@article{helio_estimatcion,
    title = {{Experiments with Helium‐Filled Balloons}},
    year = {2010},
    journal = {The Physics Teacher},
    author = {Zable, Anthony C.},
    number = {9},
    month = {12},
    pages = {582--586},
    volume = {48},
    publisher = {American Association of Physics Teachers (AAPT)},
    doi = {10.1119/1.3517021},
    issn = {0031-921X}
}

@book{libro_fisica_giancoli,
    title = {{F{\'{i}}sica para ciencias e ingenier{\'{i}}a.}},
    year = {2008},
    author = {GIANCOLI, DOUGLAS C.},
    editor = {Fuerte Rivera, Rubén},
    edition = {Cuarta edici{\'{o}}n},
    volume = {I},
    publisher = {Pearson Educaci{\'{o}}n de M{\'{e}}xico, S.A. de C.V.},
    address = {53519, Naucalpan de Ju{\'{a}}rez, Edo. de M{\'{e}}xico},
    isbn = {978-970-26-1225-4}
}

@article{spain_simulador,
    title = {{Flight dynamics of a high-altitude balloon}},
    year = {2018},
    author = {P{\'{e}}rez C{\'{a}}mara, Flavia},
    month = {10},
    url = {https://e-archivo.uc3m.es/handle/10016/29593},
    keywords = {Aerodynamics, Aeron{\'{a}}utica, Balloons, Space trajectories, Spaceflight concepts}
}

@misc{consumo_datos_NOAA,
    title = {{Grib Filter gdas{\_}0p25}},
    url = {https://nomads.ncep.noaa.gov/gribfilter.php?ds=gdas_0p25}
}

@article{lsoda,
    title = {{High-altitude gas balloon trajectory prediction: A monte carlo model}},
    year = {2014},
    journal = {AIAA Journal},
    author = {Sobester, Andras and Czerski, Helen and Zapponi, Niccolo and Castro, Ian},
    number = {4},
    pages = {832--842},
    volume = {52},
    publisher = {American Institute of Aeronautics and Astronautics Inc.},
    doi = {10.2514/1.J052900},
    issn = {00011452}
}

@article{modelo_free_falling,
    title = {{High‐altitude free fall}},
    year = {1996},
    journal = {American Journal of Physics},
    author = {Mohazzabi, Pirooz and Shea, James H.},
    number = {10},
    month = {10},
    pages = {1242--1246},
    volume = {64},
    publisher = {American Association of Physics Teachers (AAPT)},
    doi = {10.1119/1.18386},
    issn = {0002-9505}
}

@misc{HistoriaACC,
    title = {{Historia | AAC (Autoridad de Aviaci{\'{o}}n Civil)}},
    author = {{AAC}},
    url = {https://www.aac.gob.sv/historia/}
}

@misc{grid_python,
    title = {{How to get started with GRIB2 weather data and Python - Spire Tutorials}},
    url = {https://spire.com/tutorial/spire-weather-tutorial-intro-to-processing-grib2-data-with-python/}
}

@techreport{Irazu_CR,
    title = {{Iraz{\'{u}}: CubeSat Mission Architecture and Development}},
    year = {2016},
    author = {G{\'{o}}mez Jenkins, Marco and Alvarado, Julio Calvo and Calvo, Ana Julieta and Chaves Jim{\'{e}}nez, Adolfo and Carvajal God{\'{i}}nez, Johan and Salazar, Alfredo Valverde and Ramirez Molina, Julio and Alvarado Brice{\~{n}}o, Carlos and Carrasquilla Batista, Arys},
    pages = {26--30},
    keywords = {()}
}

@misc{globo_pupuseriasuiza_2,
    title = {{La odisea espacial de una pupusa - La Prensa Gr{\'{a}}fica}},
    year = {2017},
    author = {Pe{\~{n}}ate, Susana and Paz, Mario Enrique},
    month = {11},
    url = {https://www.laprensagrafica.com/elsalvador/La-odisea-espacial-de-una-pupusa-20171111-0087.html}
}

@misc{google_maps,
    title = {{Map and Tile Coordinates  |  Maps JavaScript API  |  Google for Developers}},
    year = {2023},
    author = {{Google}},
    month = {7},
    url = {https://developers.google.com/maps/documentation/javascript/coordinates}
}

@book{libro_dinamica_beer,
    title = {{Mec{\'{a}}nica vectorial para ingenieros | Din{\'{a}}mica}},
    year = {2010},
    author = {Beer, Ferdinand P and Johnston, E. Russell Jr and Cornwell, Phillip J.},
    edition = {Novena},
    publisher = {McGRAW-HILL/INTERAMERICANA EDITORES, S.A. DE C.V.},
    address = {},
    isbn = {978-607-15-0261-2}
}

@article{ascenso_formula_2,
    title = {{Modeling of Stratospheric Balloon Using Transport Phenomena and Gas Compress–Release System}},
    year = {2014},
    journal = {AIAAA, Journal of Thermophysics and Heat Transfer},
    author = {Kayhan, Öznur and Hastaoglu, M. Alaittin},
    number = {3},
    month = {7},
    pages = {534--541},
    volume = {28},
    publisher = {American Institute of Aeronautics and Astronautics},
    doi = {10.2514/1.T4271},
    issn = {15336808},
    keywords = {Absorptivity, Convective Heat Transfer Coefficient, Earth, Flight Data, High Altitude Balloon, Mass Transfer Coefficient, Natural Convection, Solar Radiation, Specific Heat, Thermal Conductivity}
}

@article{constante_CD_y_formula_ascenso,
    title = {{Modeling the ascent of sounding balloons: Derivation of the vertical air motion}},
    year = {2011},
    journal = {Atmospheric Measurement Techniques},
    author = {Gallice, A. and Wienhold, F. G. and Hoyle, C. R. and Immler, F. and Peter, T.},
    number = {10},
    pages = {2235--2253},
    volume = {4},
    doi = {10.5194/AMT-4-2235-2011},
    issn = {18671381}
}

@misc{navio_componentes,
    title = {{Navio2 – autopilot HAT for Raspberry Pi}},
    url = {https://navio2.hipi.io/}
}

@misc{info_acceso_NOAA,
    title = {{NOMADS Information}},
    url = {https://nomads.ncep.noaa.gov/info.php?page=grads_user_guide}
}

@misc{globo_nayib_nuevocuscatlan,
    title = {{Nuevo Cuscatl{\'{a}}n lanza otro proyecto aeroespacial - La Prensa Gr{\'{a}}fica}},
    year = {2014},
    author = {{LPG}},
    month = {8},
    url = {https://www.laprensagrafica.com/elsalvador/Nuevo-Cuscatlan-lanza-otro-proyecto-aeroespacial-20140828-0066.html}
}

@article{mitigar_riesgos_simulador,
    title = {{Numerical prediction of scientific balloon trajectories while considering various uncertainties}},
    year = {2017},
    journal = {Journal of Aircraft},
    author = {Lee, Yongseon and Yee, Kwanjung},
    number = {2},
    pages = {768--782},
    volume = {54},
    publisher = {American Institute of Aeronautics and Astronautics Inc.},
    doi = {10.2514/1.C033998},
    issn = {15333868}
}

@article{parachute_6DOF,
    title = {{Parachute-Payload System Flight Dynamics and Trajectory Simulation}},
    year = {2012},
    journal = {International Journal of Aerospace Engineering},
    author = {Guglieri, Giorgio},
    doi = {10.1155/2012/182907},
    issn = {16875966}
}

@misc{sphere_ESAI,
    title = {{Proyecto Globos Estratosf{\'{e}}ricos – ESAI}},
    url = {https://www.esai.org.sv/proyecto-globos-estratosfericos/}
}

@inproceedings{pycubed,
    title = {{PyCubed: An Open-Source, Radiation-Tested CubeSat Platform Programmable Entirely in Python}},
    year = {2018},
    author = {Maximillian Holliday, Andrea Ramírez and Connor Settle, Tane Tatum and Debbie Senesky, Zachary Manchester},
    url = {https://digitalcommons.usu.edu/smallsat/2019/all2019/65/ https://pycubed.org/}
}

@article{redbull_free_falling,
    title = {{Quantitative model of record stratospheric freefall}},
    year = {2013},
    journal = {European Journal of Physics},
    author = {Colino, José M. and Barbero, Antonio J.},
    number = {4},
    month = {7},
    pages = {841--848},
    volume = {34},
    doi = {10.1088/0143-0807/34/4/841},
    issn = {01430807}
}

@misc{qwiic,
    title = {{Qwiic Connect System - SparkFun Electronics}},
    author = {{SparkFun}},
    url = {https://www.sparkfun.com/qwiic}
}

@article{simulador_chino,
    title = {{Research on Trajectory Prediction of a High-Altitude Zero-Pressure Balloon System to Assist Rapid Recovery}},
    year = {2022},
    journal = {Aerospace},
    author = {Tang, Jiwei and Pu, Shumin and Yu, Peixi and Xie, Weicheng and Li, Yunfei and Hu, Binxing},
    number = {10},
    month = {10},
    volume = {9},
    publisher = {MDPI},
    doi = {10.3390/aerospace9100622},
    issn = {22264310},
    keywords = {control strategy, rapid recovery, thermal dynamic model, trajectory prediction, zero-pressure balloon}
}

@misc{type_balloon_NASA,
    title = {{Scientific Balloons - Types of Balloons}},
    author = {{NASA}},
    url = {https://www.nasa.gov/scientific-balloons/types-of-balloons}
}

@misc{sd_pycubed,
    title = {{Selecting an SD card}},
    url = {https://pycubed.org/Selecting-an-SD-card-edf389776ac64f91b19bc4428ee43941}
}

@book{gnss,
    title = {{Springer Handbook of Global Navigation Satellite Systems}},
    year = {2017},
    author = {J.G Teunissen, Peter and Montenbruck, Oliver},
    editor = {Teunissen, Peter J.G. and Montenbruck, Oliver},
    month = {6},
    publisher = {Springer International Publishing},
    url = {http://link.springer.com/10.1007/978-3-319-42928-1},
    address = {Cham},
    isbn = {978-3-319-42926-7},
    doi = {10.1007/978-3-319-42928-1}
}

@book{libro_gnss,
    title = {{Springer Handbook of Global Navigation Satellite Systems}},
    doi = {https://doi.org/10.1007/978-3-319-42928-1}
}

@phdthesis{just_type_balloon,
    title = {{Studies of Earth's Atmosphere from Space and near Space}},
    year = {2017},
    author = {Sreejith, A. G},
    month = {3},
    url = {http://prints.iiap.res.in/handle/2248/6860},
    school = {University College of Technology, University of Calcutta}
}

@article{TASEC_Lab,
    title = {{TASEC-Lab: A COTS-based CubeSat-like university experiment for characterizing the convective heat transfer in stratospheric balloon missions}},
    year = {2022},
    journal = {Acta Astronautica},
    author = {Gonz{\'{a}}lez-B{\'{a}}rcena, David and Peinado-P{\'{e}}rez, Lilian and Fern{\'{a}}ndez-Soler, Alejandro and P{\'{e}}rez-Mu{\~{n}}oz, Ángel Grover and {\'{A}}lvarez-Romero, Jose Miguel and Ayape, Fernando and Mart{\'{i}}n, Jonathan and Bermejo-Ballesteros, Juan and Porras-Hermoso, Ángel Luis and Alfonso-Corcuera, Daniel and Mar{\'{i}}n-Coca, Sergio and Soto-Aranaz, Manú and Boado-Cuartero, Blanca and Garcia-Romero, Rafael and Pindado, Santiago and P{\'{e}}rez-{\'{A}}lvarez, Javier and Zamorano, Juan and Torralbo, Ignacio and Piqueras, Javier and P{\'{e}}rez-Grande, Isabel and Sanz-Andr{\'{e}}s, Ángel},
    month = {7},
    pages = {244--258},
    volume = {196},
    publisher = {Elsevier Ltd},
    doi = {10.1016/j.actaastro.2022.04.028},
    issn = {00945765},
    keywords = {Ballooning, Convection, CubeSat, Heat transfer, Project-based learning, Stratosphere}
}

@misc{condiciones_entorno_baterias,
    title = {{Temperature effect and thermal impact in lithium-ion batteries: A review}},
    year = {2018},
    booktitle = {Progress in Natural Science: Materials International},
    author = {Ma, Shuai and Jiang, Modi and Tao, Peng and Song, Chengyi and Wu, Jianbo and Wang, Jun and Deng, Tao and Shang, Wen},
    number = {6},
    month = {12},
    pages = {653--666},
    volume = {28},
    publisher = {Elsevier B.V.},
    doi = {10.1016/j.pnsc.2018.11.002},
    issn = {17455391},
    keywords = {Battery management, Internal temperature, Lithium-ion battery, Temperature effect, Thermal management}
}

@techreport{tabla_isa,
    title = {{Trajectory generation for non-powered lift-enabled vehicles in planetary atmospheres Technological Physics Engineering Examination Committee}},
    year = {2012},
    author = {Luis Pinto da Fonseca, João and Renato de Almeida Matos Ferreira Supervisor, Carlos and Manuel Agostinho Dil{\~{a}}o Co-supervisor, Rui and Maria Ribeiro Ferreira Nunes, Ana}
}

@techreport{isa_1976,
    title = {{U.S. Standard Atmosphere, 1976}},
    year = {1976},
    author = {{NOOA} and {NASA} and {USAF}},
    month = {10},
    url = {https://www.ngdc.noaa.gov/stp/space-weather/online-publications/miscellaneous/us-standard-atmosphere-1976/us-standard-atmosphere_st76-1562_noaa.pdf},
    address = {Washington, D.C}
}

@misc{elfaroColibriytorogoz,
    title = {{Un colibr{\'{i}} y un torogoz llevar{\'{a}}n a El Salvador a la era espacial}},
    year = {2014},
    author = {N{\'{o}}chez, María Luz},
    month = {6},
    url = {https://elfaro.net/es/201406/el_agora/15594/Un-colibr%C3%AD-y-un-torogoz-llevar%C3%A1n-a-El-Salvador-a-la-era-espacial.htm}
}

@techreport{understanding_gps,
    title = {{Understanding GPS Principles and Applications Second Edition}},
    year = {2005},
    author = {Kaplan, Elliott and Hegarty, Christopher},
    isbn = {9781580538954},
    keywords = {1-58053-894-0}
}

@techreport{Constatntes_CD_HAB,
    title = {{Understanding High-Altitude Balloon Flight Fundamentals}},
    author = {Voss, Hank D and Ramm, Natalie A and Dailey, Jeff},
    volume = {74},
    institution = {Taylor University},
    address = { Upland, IN 46989},
    isbn = {249.20.66010},
    doi = {https://doi.org//ahac.8327}
}

@misc{globo_pupuseriasuiza_1,
    title = {{VIDEO: Env{\'{i}}an las primeras pupusas salvadore{\~{n}}as al espacio - Noticias de El Salvador}},
    year = {2022},
    author = {Alfaro, X.},
    month = {9},
    url = {https://www.elsalvador.com/noticias/negocios/emprendedor-pupusas-espacio-nasa-/1000287/2022/}
}

@article{ascentRate_weatherBallon,
    title = {{Weather Balloon Ascent Rate}},
    year = {2016},
    journal = {The Physics Teacher},
    author = {Denny, Mark},
    number = {5},
    month = {5},
    pages = {268--271},
    volume = {54},
    publisher = {AIP Publishing},
    url = {https://pubs.aip.org/aapt/pte/article/54/5/268/277790/Weather-Balloon-Ascent-Rate},
    doi = {10.1119/1.4947151},
    issn = {0031-921X}
}

@misc{pycubed_kicksat-2,
    title = {{What is KickSat-2? | NASA}},
    year = {2019},
    author = {Tavares, Frank},
    month = {1},
    url = {https://www.nasa.gov/ames/kicksat}
}

@misc{pycubed_v-r3x,
    title = {{What is V-R3x? | NASA}},
    year = {2021},
    author = {Tavares, Frank},
    month = {1},
    url = {https://www.nasa.gov/ames/v-r3x}
}

@misc{HistoriaESAI,
    title = {{Historia – ESAI}},
    url = {https://www.esai.org.sv/historia/}
}